% How to cite webpage: https://tex.stackexchange.com/questions/3587/how-can-i-use-bibtex-to-cite-a-web-page

@misc{taxi_data,
  title = {TLC Trip Record Data},
  author = {{New York City Taxi & Limousine Commission}},
  howpublished = {\url{https://www.nyc.gov/site/tlc/about/tlc-trip-record-data.page}}}
@misc{uber_public_transport,
  title= {Uber, Public Transit, and Urban Transportation Equity: A CaseStudy in New York City},
  author={{Jin, Scarlett T.}, {Kong, Hui}, {Sui, Daniel Z.}},
  howpublished = {\url{https://research.ebsco.com/c/xppotz/viewer/html/4dr5ppt3j5}}
  }
@misc{mta_data,
  title= {Metropolitan Transportation Authority Data Feeds},
  author = {{Metropolitan Transportation Authority}},
  howpublished = {\url{http://web.mta.info/developers/developer-data-terms.html#data}},
  note = {Accessed: 2023-08-21}}

@misc{comp30027,
  title= {COMP30027 - Machine Learning Lecture notes},
  author = {{Kris Ehinger}},
  note = {Accessed: 2023-08-21}}

@misc{mast30025,
  title= {MAST30025 - Linear Statistical Models Lecture notes},
  author = {{Yao-ban Chan}},
  note = {Accessed: 2023-08-21}}